%%%%%%%%%%%%%%%%%%%%%%%%%%%%%%%%%%%%%%%%%%%%%%%%%%%%%%%%%%%%%%%%%%%%%%%%
% This is a bibliography made using BiBTeX.
%
% You can place entries in any order, and BiBTeX will order them
% correctly, saving you time and trouble.  All you have to do is make
% sure your references here match up with the references in your main
% document.
%%%%%%%%%%%%%%%%%%%%%%%%%%%%%%%%%%%%%%%%%%%%%%%%%%%%%%%%%%%%%%%%%%%%%%%%

@Inbook{ref:bershadsky,
	author="Bershadsky, Dmitry
	and Haviland, Steve
	and Johnson, Eric N.",
	title="Electric Multirotor UAV Propulsion System Sizing for Performance Prediction and Design Optimization",
	year="2016",
	month="Jan",
	day="01",
	publisher="[online], American Institute of Aeronautics and Astronautics",
	note="http://dx.doi.org/10.2514/6.2016-0581"
}

@incollection{ref:equivalent_airpseed,
	author = "Houghton, E. L.",
	title = "Aerodynamics for Engineering Students",
	chapter="2.3.3",
	publisher = "Waltham, MA : Butterworth-Heinemann",
	year = "2012"
}

@online{ref:density,
  author = "Shelquist, Richard",
  title = "An Introduction to Air Densityand Density Altitude Calculations",
  year = "[online], 2016",
  note = "http://wahiduddin.net/calc/density\_altitude.htm"
}

@online{ref:reg_data_3d,
	author = "John D'Errico",
	title = "RegularizeData3D",
  	year = "[online], 2014",
	note = "http://www.mathworks.com/matlabcentral/fileexchange/46223-regularizedata3d"
}

%%%%%%%%%%%%%%%%%%%%%%%%%%%%%%%%%%%%%%%%%%%%%%%%%%%%%%%%%%%%%%%%%%%%%%%%
% Reference:
%%%%%%%%%%%%%%%%%%%%%%%%%%%%%%%%%%%%%%%%%%%%%%%%%%%%%%%%%%%%%%%%%%%%%%%%
%
% Syntax: 
% http://research.cs.wisc.edu/htcondor/doc/condor-bibtex.html
%
% Converter:
% http://bibutils.refbase.org